<?xml version="1.0" encoding="UTF-8"?><collection xmlns="http://www.loc.gov/MARC21/slim"><record><leader>00474nam--2200157-i-4500</leader><controlfield tag="001">000036486</controlfield><controlfield tag="002">20161230</controlfield><controlfield tag="005">20170118180850</controlfield><controlfield tag="008">060222s1000------------r-----000-0-eng-d</controlfield><datafield ind1=" " ind2=" " tag="080"><subfield code="a">53.08</subfield></datafield><datafield ind1=" " ind2=" " tag="100"><subfield code="a">Pollermann, Max</subfield></datafield><datafield ind1=" " ind2=" " tag="245"><subfield code="a">Bauelemente der physikalischen technik. Entwurf und aufbau physikalischer gerate fur forschung und unterricht</subfield></datafield><datafield ind1=" " ind2=" " tag="260"><subfield code="a">Berlin</subfield><subfield code="b">Springer-Verlag</subfield><subfield code="c">1955</subfield></datafield><datafield ind1=" " ind2=" " tag="300"><subfield code="a">VIII+276 p. + 1048 Fig</subfield></datafield><datafield ind1=" " ind2=" " tag="852"><subfield code="a">11616</subfield></datafield><datafield ind1=" " ind2=" " tag="CAT"><subfield code="a">SYS</subfield><subfield code="c">20170118</subfield><subfield code="h">180850</subfield></datafield></record></collection>